@book{scrum,
  author    = {直人,西村 and 美穂,永瀬 and 龍太郎,吉羽},
  title     = {SCRUM BOOT CAMP THE BOOK スクラムチームではじめるアジャイル開発},
  publisher = {株式会社 翔泳社},
  year      = {2020}
}

@book{scrum_master,
  author    = {Sochova,Zuzana},
  title     = {SCRUM MASTER THE BOOK 優れたスクラムマスターになるための極意――メタスキル、学習、心理、リーダーシップ},
  publisher = {株式会社 翔泳社},
  year      = {2020}
}

@misc{risk,
  author = {株式会社インターリスク総研},
  title  = {リスクマネジメント入門},
  howpublished = {\url{https://www.ms-ins.com/pdf/business/rm/rmguide.pdf}},
  note   = {(Accessed on 01/16/2024)}
}

@misc{digital_agency_design_system,
  author = {デジタル庁},
  title  = {デザインシステム},
  howpublished = {\url{https://www.digital.go.jp/policies/servicedesign/designsystem}},
  note   = {(Accessed on 01/16/2024)}
}
